@article {COROT,
   author = {CNES},
   title = {COROT},
   note= {\url{https://corot.cnes.fr/en/COROT/index.htm}}
}
@article {Fourier,
   author = { Julius O. Smith},
   title = { Mathematics of the Discrete Fourier Transform (DFT) - 2nd edition},
   year = {2007},
   publisher = {W3K Publishing},
   pages = {1}
}

@article {DFT,
   author = {Gerald Handler - Copernicus Astronomical Center},
   title = {Asteroseismology},
   year = {2012},
   pages = {13}
}

@article {modes,
   author = { C. Aerts, J. Christensen-Dalsgaard, D. W. Kurtz},
   title = {Asteroseismology},
   year = {2010},
   publisher = {Springer},
   pages = {17-18}
}

@article {eqs,
   author = {B. Mosser},
   title = {STELLAR OSCILLATIONS - THE ADIABATIC CASE},
   publisher = {EAS Publications Series},
   year = {2015},
   pages = {63}
}
